<record><leader>00000cas a22000007a 4500</leader><controlfield tag="001">21798056</controlfield><controlfield tag="008">900613d18821885nyudr ne      0    0eng d</controlfield><datafield ind1=" " ind2=" " tag="010"><subfield code="a">sn 90066089 </subfield></datafield><datafield ind1=" " ind2=" " tag="040"><subfield code="a">NYS</subfield><subfield code="b">eng</subfield><subfield code="c">NYS</subfield><subfield code="d">OCLCQ</subfield></datafield><datafield ind1=" " ind2=" " tag="042"><subfield code="a">msc</subfield></datafield><datafield ind1="0" ind2=" " tag="130"><subfield code="a">Evening dispatch (Auburn, N.Y.)</subfield></datafield><datafield ind1="1" ind2="4" tag="245"><subfield code="a">The evening dispatch.</subfield></datafield><datafield ind1="3" ind2="0" tag="246"><subfield code="a">Auburn Sunday dispatch</subfield><subfield code="f">&lt;June 10-July 15, 1883&gt;</subfield></datafield><datafield ind1=" " ind2=" " tag="260"><subfield code="a">Auburn, N.Y. :</subfield><subfield code="b">[s.n.]</subfield></datafield><datafield ind1=" " ind2=" " tag="300"><subfield code="a">v.</subfield></datafield><datafield ind1=" " ind2=" " tag="310"><subfield code="a">Daily,</subfield><subfield code="b">&lt;June 10, 1883-Jan. 2, 1884&gt;</subfield></datafield><datafield ind1=" " ind2=" " tag="321"><subfield code="a">Daily (except Sunday)</subfield></datafield><datafield ind1="1" ind2=" " tag="362"><subfield code="a">Began in 1882? Ceased in 1885?</subfield></datafield><datafield ind1=" " ind2=" " tag="500"><subfield code="a">Published on Sunday as: Auburn Sunday dispatch, &lt;June 10-July 15, 1883&gt;.</subfield></datafield><datafield ind1=" " ind2=" " tag="588"><subfield code="a">Description based on: Vol. 4, no. 6 (Jan. 2, 1884).</subfield></datafield><datafield ind1=" " ind2="4" tag="651"><subfield code="a">Auburn (N.Y.)</subfield><subfield code="v">Newspapers.</subfield></datafield><datafield ind1=" " ind2=" " tag="752"><subfield code="a">United States</subfield><subfield code="b">New York</subfield><subfield code="c">Cayuga</subfield><subfield code="d">Auburn.</subfield></datafield><datafield ind1="0" ind2="5" tag="780"><subfield code="t">Auburn Sunday dispatch</subfield><subfield code="w">(DLC)sn 90066168</subfield><subfield code="w">(OCoLC)22445829</subfield></datafield><datafield ind1="0" ind2="0" tag="785"><subfield code="t">Morning dispatch (Auburn, N.Y.)</subfield><subfield code="w">(DLC)sn 90066169</subfield><subfield code="w">(OCoLC)22445736</subfield></datafield><datafield ind1="1" ind2=" " tag="029"><subfield code="a">AU@</subfield><subfield code="b">000025863163</subfield></datafield></record>